<collection xmlns="http://www.loc.gov/MARC21/slim">
<record>
  <leader>01694nam0a22003011i 450 </leader>
  <controlfield tag="001">IT\ICCU\CNCE\076489</controlfield>
  <controlfield tag="005">20170804000000.0</controlfield>
  <datafield tag="012" ind1=" " ind2=" ">
    <subfield code="a">tora toio toio o.li (C) 1527 (A)</subfield>
    <subfield code="2">fei</subfield>
  </datafield>
  <datafield tag="100" ind1=" " ind2=" ">
    <subfield code="a">20110920d1527        0itac0103    ba</subfield>
  </datafield>
  <datafield tag="101" ind1=" " ind2=" ">
    <subfield code="a">ITA</subfield>
  </datafield>
  <datafield tag="102" ind1=" " ind2=" ">
    <subfield code="a">IT</subfield>
  </datafield>
  <datafield tag="200" ind1="1" ind2=" ">
    <subfield code="a">Non expetto giamai con molte canzone. Signora mia ferma il tuo desio. Sappi che tanto grande fu el desio. Sbandito in questo loco solitario. Pieta cara signora. Tu te lamenti a torto. Sonetto che insegna a far figluoli \!!. Facia ognun mentre chel po. Iomi parto torno &amp; vo. Con pianto e con dolore. Lassa fare ami: lassa fare ami. Una littera de amore. Duo sonetti del Seraphino. Uno capitolo de vno amante in laude della sua diua ...</subfield>
  </datafield>
  <datafield tag="210" ind1=" " ind2=" ">
    <subfield code="e">In Venetia</subfield>
    <subfield code="g">per Francesco Bindoni</subfield>
    <subfield code="h">1527 di Genaro</subfield>
  </datafield>
  <datafield tag="215" ind1=" " ind2=" ">
    <subfield code="a">\4! c.</subfield>
    <subfield code="d">4ʻ</subfield>
  </datafield>
  <datafield tag="300" ind1=" " ind2=" ">
    <subfield code="a">Rime di vari autori</subfield>
  </datafield>
  <datafield tag="620" ind1=" " ind2=" ">
    <subfield code="a">IT</subfield>
    <subfield code="d">Venezia</subfield>
  </datafield>
  <datafield tag="700" ind1=" " ind2="1">
    <subfield code="a">Tebaldeo,</subfield>
    <subfield code="b">Antonio</subfield>
    <subfield code="3">IT\ICCU\CNCA\013357</subfield>
  </datafield>
  <datafield tag="702" ind1=" " ind2="0">
    <subfield code="a">Serafino</subfield>
    <subfield code="c"> : Aquilano</subfield>
    <subfield code="3">IT\ICCU\CNCA\006567</subfield>
  </datafield>
  <datafield tag="712" ind1="0" ind2="0">
    <subfield code="a">Bindoni, Francesco</subfield>
    <subfield code="c"> &lt;1.&gt;</subfield>
    <subfield code="3">IT\ICCU\CNCT\001037</subfield>
    <subfield code="4">650</subfield>
  </datafield>
  <datafield tag="790" ind1=" " ind2="1">
    <subfield code="a">Thebaldeus,</subfield>
    <subfield code="b">Antonius</subfield>
    <subfield code="3">IT\ICCU\CNCA\015605</subfield>
    <subfield code="z">Tebaldeo, Antonio</subfield>
  </datafield>
  <datafield tag="790" ind1=" " ind2="1">
    <subfield code="a">Aquila,</subfield>
    <subfield code="b">Serafino : dell&apos;</subfield>
    <subfield code="3">IT\ICCU\CNCA\007641</subfield>
    <subfield code="z">Serafino : Aquilano</subfield>
  </datafield>
  <datafield tag="790" ind1=" " ind2="1">
    <subfield code="a">Ciminelli,</subfield>
    <subfield code="b">Serafino : de&apos;</subfield>
    <subfield code="3">IT\ICCU\CNCA\008243</subfield>
    <subfield code="z">Serafino : Aquilano</subfield>
  </datafield>
  <datafield tag="790" ind1=" " ind2="0">
    <subfield code="a">Serafino</subfield>
    <subfield code="c"> : da#Aquila</subfield>
    <subfield code="3">IT\ICCU\CNCA\025650</subfield>
    <subfield code="z">Serafino : Aquilano</subfield>
  </datafield>
  <datafield tag="790" ind1=" " ind2="0">
    <subfield code="a">Serafino</subfield>
    <subfield code="c"> : dell&apos;Aquila</subfield>
    <subfield code="3">IT\ICCU\CNCA\025653</subfield>
    <subfield code="z">Serafino : Aquilano</subfield>
  </datafield>
  <datafield tag="791" ind1="0" ind2="0">
    <subfield code="a">Bindonis, Franciscus de</subfield>
    <subfield code="3">IT\ICCU\CNCT\004384</subfield>
    <subfield code="z">Bindoni, Francesco &lt;1.&gt;</subfield>
  </datafield>
  <datafield tag="791" ind1="0" ind2="0">
    <subfield code="a">Bindonus, Franciscus</subfield>
    <subfield code="c"> &lt;1&gt;</subfield>
    <subfield code="3">IT\ICCU\CNCT\004385</subfield>
    <subfield code="z">Bindoni, Francesco &lt;1.&gt;</subfield>
  </datafield>
  <datafield tag="801" ind1=" " ind2="3">
    <subfield code="a">IT</subfield>
    <subfield code="b">ICCU</subfield>
    <subfield code="c">20201115</subfield>
  </datafield>
  <datafield tag="899" ind1=" " ind2=" ">
    <subfield code="a">British Library. London</subfield>
    <subfield code="1">UK0001</subfield>
  </datafield>
</record>
</collection>
